
@article{iniOctave,
    title   = {Manual de iniciación a GNU Octave},
    author  = {José María Valiente Cifuentes},
    year    = {2006},
    ee      = {http://softlibre.unizar.es/manuales/aplicaciones/octave/manual_octave.pdf}

}


@article{anIntroduction,
  title     = {GNU Octave - An Introduction},
  author    = {Barry O'Donovan},
  ee        = {http://linuxgazette.net/109/odonovan.html}
}

@article{wikibooksOc,
    title   = {Octave Programming Tutorial/Vectors and matrices},
    ee      = {http://en.wikibooks.org/wiki/Octave_Programming_Tutorial/Vectors_and_matrices}

}

@article{operatorsOC,
    title   = {Operators},
    ee      = {http://octave.sourceforge.net/operators.html}
}